
@article{Alley2000,
	title = {The {Younger} {Dryas} cold interval as viewed from central {Greenland}},
	volume = {19},
	doi = {10.1016/S0277-3791(99)00062-1},
	number = {1},
	journal = {Quaternary Science Reviews},
	author = {Alley, Richard B.},
	year = {2000},
	pages = {213--226},
}


@misc{Alley2004,
	title = {{NOAA/WDS Paleoclimatology} - {GISP2} - {Temperature} Reconstruction and Accumulation Data},
	doi = {10.25921/36sb-3355},
	author = {Alley, Richard B.},
	publisher = {NOAA National Centers for Environmental Information},
	year = {2004},
}

@article{Arnold1949,
	title = {Age Determinations by Radiocarbon Content: Checks with Samples of Known Age},
	volume = {110},
	doi = {10.1126/science.110.2869.678},
	number = {2869},
	urldate = {2022-03-14},
	journal = {Science},
	author = {Arnold, J. R. and Libby, W. F.},
	year = {1949},
	note = {Publisher: American Association for the Advancement of Science},
	pages = {678--680},
}



@article{Bevan2017a,
	title = {Holocene fluctuations in human population demonstrate repeated links to food production and climate},
	volume = {114},
	doi = {10.1073/pnas.1709190114},
	number = {49},
	journal = {Proceedings of the National Academy of Sciences},
	author = {Bevan, Andrew and Colledge, Sue and Fuller, Dorian and Fyfe, Ralph and Shennan, Stephen and Stevens, Chris},
	year = {2017},
	pages = {E10524--E10531},
}


@book{Bevan2017b,
	title = {Radiocarbon Dataset and Analysis from {Bevan}, {A}., {Colledge}, {S}., {Fuller}, {D}., {Fyfe}, {R}., {Shennan}, {S}. and {C}. {Stevens} 2017. {Holocene} fluctuations in human population demonstrate repeated links to food production and climate},
	doi = {10.14324/000.ds.10025178},
	author = {Bevan, Andrew},
	year = {2017},
	publisher = {UCL Discovery},
}



@article{Bird2022,
	title = {p3k14c, a synthetic global database of archaeological radiocarbon dates},
	volume = {9},
	url = {https://www.nature.com/articles/s41597-022-01118-7},
	doi = {10.1038/s41597-022-01118-7},
	number = {1},
	journal = {Scientific Data},
	author = {Bird, Darcy and Miranda, Lux and Vander Linden, Marc and Robinson, Erick and Bocinsky, R. Kyle and Nicholson, Chris and Capriles, José M. and Finley, Judson Byrd and Gayo, Eugenia M. and Gil, Adolfo and d’Alpoim Guedes, Jade and Hoggarth, Julie A. and Kay, Andrea and Loftus, Emma and Lombardo, Umberto and Mackie, Madeline and Palmisano, Alessio and Solheim, Steinar and Kelly, Robert L. and Freeman, Jacob},
	month = jan,
	year = {2022},
	pages = {27},
}



@article{Boitard2016,
	title = {Inferring population size history from large samples of genome-wide molecular data - {An} approximate {Bayesian} computation approach},
	volume = {12},
	doi = {10.1371/journal.pgen.1005877},
	number = {3},
	journal = {PLOS Genetics},
	author = {Boitard, Simon and Rodríguez, Willy and Jay, Flora and Mona, Stefano and Austerlitz, Frédéric},
	editor = {Beaumont, Mark A},
	year = {2016},
	pages = {e1005877},
}


@article{BronkRamsey2008,
	title = {Radiocarbon dating: {Revolutions} in understanding},
	volume = {50},
	doi = {10.1111/j.1475-4754.2008.00394.x},
	number = {2},
	journal = {Archaeometry},
	author = {Bronk Ramsey, C.},
	year = {2008},
	pages = {249--275},
}



@article{Broughton2018,
	title = {Population reconstructions for humans and megafauna suggest mixed causes for {North} {American} {Pleistocene} extinctions},
	volume = {9},
	doi = {10.1038/s41467-018-07897-1},
	number = {1},
	journal = {Nature Communications},
	author = {Broughton, Jack M. and Weitzel, Elic M.},
	year = {2018},
	pages = {5441},
}


@article{Brown2017,
	title = {The past and future of growth rate estimation in demographic temporal frequency analysis: {Biodemographic} interpretability and the ascendance of dynamic growth models},
	volume = {80},
	doi = {10.1016/j.jas.2017.02.003},
	journal = {Journal of Archaeological Science},
	author = {Brown, William A.},
	year = {2017},
	pages = {96--108},
}


@article{Carleton2021b,
	title = {Evaluating {Bayesian} {Radiocarbon-dated} {Event} {Count} ({REC}) models for the study of long-term human and environmental processes},
	volume = {36},
	doi = {10.1002/jqs.3256},
	number = {1},
	journal = {Journal of Quaternary Science},
	author = {Carleton, W. Christopher},
	year = {2021},
	pages = {110--123},
}


@article{Carleton2021,
	title = {Sum things are not what they seem: {Problems} with point-wise interpretations and quantitative analyses of proxies based on aggregated radiocarbon dates},
	volume = {31},
	doi = {10.1177/0959683620981700},
	number = {4},
	journal = {The Holocene},
	author = {Carleton, W. Christopher and Groucutt, Huw S},
	month = apr,
	year = {2021},
	pages = {630--643},
}



@article{Chaput2016,
	title = {Radiocarbon dates as estimates of ancient human population size},
	volume = {15},
	doi = {10.1016/j.ancene.2015.10.002},
	journal = {Anthropocene},
	author = {Chaput, Michelle A. and Gajewski, Konrad},
	year = {2016},
	pages = {3--12},
}




@article{Crema2021a,
	title = {Inferences from large sets of radiocarbon dates: software and methods},
	volume = {63},
	doi = {10.1017/RDC.2020.95},
	number = {1},
	journal = {Radiocarbon},
	author = {Crema, Enrico R. and Bevan, Andrew},
	year = {2021},
	pages = {23--39},
}



@article{Crema2021b,
	title = {A {Bayesian} approach for fitting and comparing demographic growth models of radiocarbon dates: {A} case study on the {Jomon}-{Yayoi} transition in {Kyushu} ({Japan})},
	volume = {16},
	doi = {10.1371/journal.pone.0251695},
	number = {5},
	journal = {PLOS ONE},
	author = {Crema, Enrico R. and Shoda, Shinya},
	year = {2021},
	pages = {e0251695},
}



@article{Crema2022,
	title = {Statistical inference of prehistoric demography from frequency distributions of radiocarbon dates: {A} review and a guide for the perplexed},
	volume = {29},
	doi = {10.1007/s10816-022-09559-5},
	number = {4},
	journal = {Journal of Archaeological Method and Theory},
	author = {Crema, E. R.},
	year = {2022},
	pages = {1387--1418},
}



@article{DiNapoli2021,
	title = {Approximate {Bayesian} Computation of radiocarbon and paleoenvironmental record shows population resilience on {Rapa Nui} ({Easter Island})},
	volume = {12},
	doi = {10.1038/s41467-021-24252-z},
	pages = {3939},
	number = {1},
	journaltitle = {Nature Communications},
	author = {{DiNapoli}, Robert J. and Crema, Enrico R. and Lipo, Carl P. and Rieth, Timothy M. and Hunt, Terry L.},
	date = {2021-06-24},
}



@Manual{Gaujoux2023,
    title = {{doRNG}: Generic reproducible parallel backend for `foreach' loops},
    author = {Renaud Gaujoux},
    year = {2023},
    note = {R package version 1.8.6},
    url = {https://CRAN.R-project.org/package=doRNG},
  }


@article{Geyh1980,
	title = {Holocene Sea-Level History: Case Study of the Statistical Evaluation of \textsuperscript{14}{C} Dates},
	volume = {22},
	doi = {10.1017/S0033822200010067},
	number = {3},
	journal = {Radiocarbon},
	author = {Geyh, Mebus A.},
	year = {1980},
	pages = {695--704},
}

  @Manual{Harrell2022,
    title = {Hmisc: Harrell Miscellaneous},
    author = {Frank E {Harrell Jr}},
    year = {2022},
    note = {R package version 4.7-2},
    url = {https://CRAN.R-project.org/package=Hmisc},
  }


@book{Jeffreys1961,
	address = {Oxford},
	edition = {3rd},
	title = {Theory of {Probability}},
	publisher = {Oxford University Press},
	author = {Jeffreys, Harold},
	year = {1961},
}



  @Manual{Komsta2022,
    title = {moments: Moments, Cumulants, Skewness, Kurtosis and Related Tests},
    author = {Lukasz Komsta and Frederick Novomestky},
    year = {2022},
    note = {R package version 0.14.1},
    url = {https://CRAN.R-project.org/package=moments},
  }



@article{Libby1949,
	title = {Age Determination by Radiocarbon Content: World-Wide Assay of Natural Radiocarbon},
	doi = {10.1126/science.109.2827.227},
	urldate = {2022-03-14},
	journal = {Science},
	author = {Libby, W. F. and Anderson, E. C. and Arnold, J. R.},
	year = {1949},
	volume = {110},
	pages = {678--680},
	number = {2869},
}



@article{Manning2016,
	title = {The Cultural Evolution of {Neolithic} {Europe}. {EUROEVOL} {Dataset} 1: {Sites}, Phases and Radiocarbon Data},
	volume = {5},
	doi = {10.5334/joad.40},
	number = {0},
	urldate = {2021-11-26},
	journal = {Journal of Open Archaeology Data},
	author = {Manning, Katie and Colledge, Sue and Crema, Enrico and Shennan, Stephen and Timpson, Adrian},
	year = {2016},
	keywords = {archaeological sites, EUROEVOL, Europe, Neolithic, Radiocarbon},
	pages = {e2},
}

  @Manual{Marin2022,
    title = {abcrf: Approximate Bayesian Computation via Random Forests},
    author = {Jean-Michel Marin and Louis Raynal and Pierre Pudlo and Christian P. Robert and Arnaud Estoup},
    year = {2022},
    note = {R package version 1.9},
    url = {https://CRAN.R-project.org/package=abcrf},
  }

  @Manual{Microsoft2022a,
    title = {doParallel: Foreach Parallel Adaptor for the `parallel' Package},
    author = {{Microsoft Corporation} and Steve Weston},
    year = {2022},
    note = {R package version 1.0.17},
    url = {https://CRAN.R-project.org/package=doParallel},
  }


  @Manual{Microsoft2022b,
    title = {doSNOW: Foreach Parallel Adaptor for the `snow' Package},
    author = {{Microsoft Corporation} and Stephen Weston},
    year = {2022},
    note = {R package version 1.0.20},
    url = {https://CRAN.R-project.org/package=doSNOW},
  }


@article{Navascues2023,
	title = {{DARth ABC}: Analysis of the Dated Archaeological Record through Approximate {Bayesian} Computation},
	doi = {10.5281/zenodo.7560876},
	journal = {Zenodo},
	author = {{de Navascués}, Miguel},
	year = {2023},
}



  @Manual{Pasek2021,
    title = {weights: Weighting and Weighted Statistics},
    author = {Josh Pasek},
    year = {2021},
    note = {R package version 1.0.4},
    url = {https://CRAN.R-project.org/package=weights},
  }





@article{Patterson2022,
	title = {Large-scale migration into {Britain} during the {Middle} to {Late} {Bronze} {Age}},
	volume = {601},
	doi = {10.1038/s41586-021-04287-4},
	number = {7894},
	journal = {Nature},
	author = {Patterson, Nick and Isakov, Michael and Booth, Thomas and Büster, Lindsey and Fischer, Claire-Elise and Olalde, Iñigo and Ringbauer, Harald and Akbari, Ali and Cheronet, Olivia and Bleasdale, Madeleine and Adamski, Nicole and Altena, Eveline and Bernardos, Rebecca and Brace, Selina and Broomandkhoshbacht, Nasreen and Callan, Kimberly and Candilio, Francesca and Culleton, Brendan and Curtis, Elizabeth and Demetz, Lea and Carlson, Kellie Sara Duffett and Edwards, Ceiridwen J. and Fernandes, Daniel M. and Foody, M. George B. and Freilich, Suzanne and Goodchild, Helen and Kearns, Aisling and Lawson, Ann Marie and Lazaridis, Iosif and Mah, Matthew and Mallick, Swapan and Mandl, Kirsten and Micco, Adam and Michel, Megan and Morante, Guillermo Bravo and Oppenheimer, Jonas and Özdoğan, Kadir Toykan and Qiu, Lijun and Schattke, Constanze and Stewardson, Kristin and Workman, J. Noah and Zalzala, Fatma and Zhang, Zhao and Agustí, Bibiana and Allen, Tim and Almássy, Katalin and Amkreutz, Luc and Ash, Abigail and Baillif-Ducros, Christèle and Barclay, Alistair and Bartosiewicz, László and Baxter, Katherine and Bernert, Zsolt and Blažek, Jan and Bodružić, Mario and Boissinot, Philippe and Bonsall, Clive and Bradley, Pippa and Brittain, Marcus and Brookes, Alison and Brown, Fraser and Brown, Lisa and Brunning, Richard and Budd, Chelsea and Burmaz, Josip and Canet, Sylvain and Carnicero-Cáceres, Silvia and Čaušević-Bully, Morana and Chamberlain, Andrew and Chauvin, Sébastien and Clough, Sharon and Čondić, Natalija and Coppa, Alfredo and Craig, Oliver and Črešnar, Matija and Cummings, Vicki and Czifra, Szabolcs and Danielisová, Alžběta and Daniels, Robin and Davies, Alex and de Jersey, Philip and Deacon, Jody and Deminger, Csilla and Ditchfield, Peter W. and Dizdar, Marko and Dobeš, Miroslav and Dobisíková, Miluše and Domboróczki, László and Drinkall, Gail and Đukić, Ana and Ernée, Michal and Evans, Christopher and Evans, Jane and Fernández-Götz, Manuel and Filipović, Slavica and Fitzpatrick, Andrew and Fokkens, Harry and Fowler, Chris and Fox, Allison and Gallina, Zsolt and Gamble, Michelle and González Morales, Manuel R. and González-Rabanal, Borja and Green, Adrian and Gyenesei, Katalin and Habermehl, Diederick and Hajdu, Tamás and Hamilton, Derek and Harris, James and Hayden, Chris and Hendriks, Joep and Hernu, Bénédicte and Hey, Gill and Horňák, Milan and Ilon, Gábor and Istvánovits, Eszter and Jones, Andy M. and Kavur, Martina Blečić and Kazek, Kevin and Kenyon, Robert A. and Khreisheh, Amal and Kiss, Viktória and Kleijne, Jos and Knight, Mark and Kootker, Lisette M. and Kovács, Péter F. and Kozubová, Anita and Kulcsár, Gabriella and Kulcsár, Valéria and Le Pennec, Christophe and Legge, Michael and Leivers, Matt and Loe, Louise and López-Costas, Olalla and Lord, Tom and Los, Dženi and Lyall, James and Marín-Arroyo, Ana B. and Mason, Philip and Matošević, Damir and Maxted, Andy and McIntyre, Lauren and McKinley, Jacqueline and McSweeney, Kathleen and Meijlink, Bernard and Mende, Balázs G. and Menđušić, Marko and Metlička, Milan and Meyer, Sophie and Mihovilić, Kristina and Milasinovic, Lidija and Minnitt, Steve and Moore, Joanna and Morley, Geoff and Mullan, Graham and Musilová, Margaréta and Neil, Benjamin and Nicholls, Rebecca and Novak, Mario and Pala, Maria and Papworth, Martin and Paresys, Cécile and Patten, Ricky and Perkić, Domagoj and Pesti, Krisztina and Petit, Alba and Petriščáková, Katarína and Pichon, Coline and Pickard, Catriona and Pilling, Zoltán and Price, T. Douglas and Radović, Siniša and Redfern, Rebecca and Resutík, Branislav and Rhodes, Daniel T. and Richards, Martin B. and Roberts, Amy and Roefstra, Jean and Sankot, Pavel and Šefčáková, Alena and Sheridan, Alison and Skae, Sabine and Šmolíková, Miroslava and Somogyi, Krisztina and Somogyvári, Ágnes and Stephens, Mark and Szabó, Géza and Szécsényi-Nagy, Anna and Szeniczey, Tamás and Tabor, Jonathan and Tankó, Károly and Maria, Clenis Tavarez and Terry, Rachel and Teržan, Biba and Teschler-Nicola, Maria and Torres-Martínez, Jesús F. and Trapp, Julien and Turle, Ross and Ujvári, Ferenc and van der Heiden, Menno and Veleminsky, Petr and Veselka, Barbara and Vytlačil, Zdeněk and Waddington, Clive and Ware, Paula and Wilkinson, Paul and Wilson, Linda and Wiseman, Rob and Young, Eilidh and Zaninović, Joško and Žitňan, Andrej and Lalueza-Fox, Carles and de Knijff, Peter and Barnes, Ian and Halkon, Peter and Thomas, Mark G. and Kennett, Douglas J. and Cunliffe, Barry and Lillie, Malcolm and Rohland, Nadin and Pinhasi, Ron and Armit, Ian and Reich, David},
	year = {2022},
	pages = {588--594},
}




@article{Pierce2004,
	title = {Fire-induced erosion and millennial-scale climate change in northern ponderosa pine forests},
	volume = {432},
	doi = {10.1038/nature03058},
	number = {7013},
	journal = {Nature},
	author = {Pierce, Jennifer L. and Meyer, Grant A. and Timothy Jull, A. J.},
	year = {2004},
	pages = {87--90},
}



@article{Porcic2020,
	title = {The {Neolithic} Demographic Transition in the {Central} {Balkans}: population dynamics reconstruction based on new radiocarbon evidence},
	volume = {376},
	doi = {10.1098/rstb.2019.0712},
	number = {1816},
	journal = {Philosophical Transactions of the Royal Society B: Biological Sciences},
	author = {Porčić, Marko and Blagojević, Tamara and Pendić, Jugoslav and Stefanović, Sofija},
	year = {2020},
	pages = {20190712},
}



@article{Pudlo2016,
	title = {Reliable {ABC} model choice via random forests},
	volume = {32},
	doi = {10.1093/bioinformatics/btv684},
	number = {6},
	journal = {Bioinformatics},
	author = {Pudlo, Pierre and Marin, Jean-Michel and Estoup, Arnaud and Cornuet, Jean-Marie and Gautier, Mathieu and Robert, Christian P.},
	year = {2016},
	pages = {859--866},
}

@Manual{R2021,
    title = {R: A Language and Environment for Statistical Computing},
    author = {{R Core Team}},
    organization = {R Foundation for Statistical Computing},
    address = {Vienna, Austria},
    year = {2021},
    url = {https://www.R-project.org/},
}



@article{Raynal2019,
	title = {{ABC} random forests for {Bayesian} parameter inference},
	volume = {35},
	doi = {10.1093/bioinformatics/bty867},
	number = {10},
	journal = {Bioinformatics},
	author = {Raynal, Louis and Marin, Jean-Michel and Pudlo, Pierre and Ribatet, Mathieu and Robert, Christian P. and Estoup, Arnaud},
	year = {2019},
	pages = {1720--1728},
}


@article{Reimer2020,
	title = {The {IntCal20} {Northern} Hemisphere Radiocarbon Age Calibration Curve (0--55 cal {kBP})},
	volume = {62},
	doi = {10.1017/RDC.2020.41},
	number = {4},
	journal = {Radiocarbon},
	author = {Reimer, Paula J. and Austin, William E. N. and Bard, Edouard and Bayliss, Alex and Blackwell, Paul G. and Ramsey, Christopher Bronk and Butzin, Martin and Cheng, Hai and Edwards, R. Lawrence and Friedrich, Michael and Grootes, Pieter M. and Guilderson, Thomas P. and Hajdas, Irka and Heaton, Timothy J. and Hogg, Alan G. and Hughen, Konrad A. and Kromer, Bernd and Manning, Sturt W. and Muscheler, Raimund and Palmer, Jonathan G. and Pearson, Charlotte and Plicht, Johannes van der and Reimer, Ron W. and Richards, David A. and Scott, E. Marian and Southon, John R. and Turney, Christian S. M. and Wacker, Lukas and Adolphi, Florian and Büntgen, Ulf and Capano, Manuela and Fahrni, Simon M. and Fogtmann-Schulz, Alexandra and Friedrich, Ronny and Köhler, Peter and Kudsk, Sabrina and Miyake, Fusa and Olsen, Jesper and Reinig, Frederick and Sakamoto, Minoru and Sookdeo, Adam and Talamo, Sahra},
	year = {2020},
	pages = {725--757},
}

@article{Rick1987,
	title = {Dates as Data: An Examination of the {Peruvian} Preceramic Radiocarbon Record},
	volume = {52},
	doi = {10.2307/281060},
	number = {1},
	journal = {American Antiquity},
	author = {Rick, John W.},
	year = {1987},
	pages = {55--73},
}


@article{Shennan2013,
	title = {Regional population collapse followed initial agriculture booms in mid-{Holocene} {Europe}},
	volume = {4},
	doi = {10.1038/ncomms3486},
	number = {1},
	journal = {Nature Communications},
	author = {Shennan, Stephen and Downey, Sean S. and Timpson, Adrian and Edinborough, Kevan and Colledge, Sue and Kerig, Tim and Manning, Katie and Thomas, Mark G.},
	year = {2013},
	pages = {2486},
}



@article{Sunnaker2013,
	title = {Approximate {Bayesian} Computation},
	volume = {9},
	doi = {10.1371/journal.pcbi.1002803},
	number = {1},
	journal = {PLOS Computational Biology},
	author = {Sunnåker, Mikael and Busetto, Alberto Giovanni and Numminen, Elina and Corander, Jukka and Foll, Matthieu and Dessimoz, Christophe},
	year = {2013},
	pages = {e1002803},
}



@article{Taylor1995,
	title = {Radiocarbon dating: {The} continuing revolution},
	volume = {4},
	doi = {10.1002/evan.1360040507},
	number = {5},
	journal = {Evolutionary Anthropology: Issues, News, and Reviews},
	author = {Taylor, R. E.},
	year = {1995},
	pages = {169--181},
}


@article{Thorndycraft2006,
	title = {The {Holocene} fluvial chronology of {Spain}: evidence from a newly compiled radiocarbon database},
	volume = {25},
	doi = {10.1016/j.quascirev.2005.07.003},
	number = {3},
	journal = {Quaternary Science Reviews},
	author = {Thorndycraft, V. R. and Benito, G.},
	year = {2006},
	pages = {223--234},
}

@article{Timpson2020,
	title = {Directly modelling population dynamics in the {South} {American} {Arid} {Diagonal} using \textsuperscript{14}{C} dates},
	volume = {376},
	doi = {10.1098/rstb.2019.0723},
	number = {1816},
	journal = {Philosophical Transactions of the Royal Society B: Biological Sciences},
	author = {Timpson, Adrian and Barberena, Ramiro and Thomas, Mark G. and Méndez, César and Manning, Katie},
	year = {2020},
	pages = {20190723},
}



@article{Williams2012,
	title = {The use of summed radiocarbon probability distributions in archaeology: a review of methods},
	volume = {39},
	doi = {10.1016/j.jas.2011.07.014},
	number = {3},
	journal = {Journal of Archaeological Science},
	author = {Williams, Alan N.},
	year = {2012},
	pages = {578--589},
}


 @Manual{Wolodzko2020,
    title = {extraDistr: Additional Univariate and Multivariate Distributions},
    author = {Tymoteusz Wolodzko},
    year = {2020},
    note = {R package version 1.9.1},
    url = {https://CRAN.R-project.org/package=extraDistr},
  }



  @Article{Zeileis2005,
    title = {zoo: S3 Infrastructure for Regular and Irregular Time Series},
    author = {Achim Zeileis and Gabor Grothendieck},
    journal = {Journal of Statistical Software},
    year = {2005},
    volume = {14},
    number = {6},
    pages = {1--27},
    doi = {10.18637/jss.v014.i06},
  }